%%%%%%%%%%%%%%%%%%%%%%%%%
% Intersection surfaces
%%%%%%%%%%%%%%%%%%%%%%%%%

@book{patrikalakis2009,
  title={Shape interrogation for computer aided design and manufacturing},
  author={Patrikalakis, Nicholas M and Maekawa, Takashi},
  year={2009},
  publisher={Springer Science \& Business Media}
}

@phdthesis{Hohmeyer1992,
    Author = {Hohmeyer, Michael Edward},
    Title = {{Robust and Efficient Surface Intersection for Solid Modeling}},
    School = {EECS Department, University of California, Berkeley},
    Year = {1992},
    Month = {May},
    Number = {UCB/CSD-92-681}
}

@article{Dokken2001,
 author = {Dokken, Tor},
 title = {{Approximate Implicitization}},
 journal = {Mathematical Methods for Curves and Surfaces},
 editor = {Lyche, Tom and Schumaker, Larry L.},
 year = {2001},
 isbn = {0-8265-1378-6},
 pages = {81--102},
 numpages = {22},
 acmid = {570837},
 publisher = {Vanderbilt University},
 address = {Nashville, TN, USA},
} 

@article{houghton1985,
  title={Implementation of a divide-and-conquer method for intersection of parametric surfaces},
  author={Houghton, Elizabeth G and Emnett, Robert F and Factor, James D and Sabharwal, Chaman L},
  journal={Computer Aided Geometric Design},
  volume={2},
  number={1-3},
  pages={173--183},
  year={1985},
  publisher={Elsevier}
}

@article{barnhill1990,
  title={A marching method for parametric surface/surface intersection},
  author={Barnhill, Robert E and Kersey, SN},
  journal={Computer aided geometric design},
  volume={7},
  number={1-4},
  pages={257--280},
  year={1990},
  publisher={Elsevier}
}


%%%%%%%%%%%%%%%%%%%%%%%%%
% Chebyshev
%%%%%%%%%%%%%%%%%%%%%%%%%
@book{mason2002,
  title={{Chebyshev Polynomials}},
  author={Mason, J.C. and Handscomb, D.C.},
  isbn={9781420036114},
  year={2002},
  publisher={CRC Press}
}

@book{Canuto06,
title = {{Spectral Methods. Fundamentals in Single Domains}},
author = {Canuto, Claudio and Hussaini, M. Yousuff and Quarteroni, Alfio and Zang, Thomas A.},
year = {2006},
publisher = {Springer-Verlag Berlin Heidelberg}
}

@book{Gil2007,
 author = {Gil, Amparo and Segura, Javier and Temme, Nico M.},
 title = {{Numerical Methods for Special Functions}},
 year = {2007},
 isbn = {0898716349, 9780898716344},
 publisher = {Society for Industrial and Applied Mathematics},
 address = {Philadelphia, PA, USA}
}

@article{clenshaw1955,
  title={{A note on the summation of Chebyshev series}},
  author={Clenshaw, CW},
  journal={Mathematics of Computation},
  volume={9},
  number={51},
  pages={118--120},
  year={1955}
}

@article{wengle1978,
  title={Pseudospectral solution of atmospheric diffusion problems},
  author={Wengle, Hans and Seinfeld, John H},
  journal={Journal of computational Physics},
  volume={26},
  number={1},
  pages={87--106},
  year={1978},
  publisher={Elsevier}
}

@book{peyret2002,
  title={{Spectral Methods for Incompressible Viscous Flow}},
  author={Peyret, R.},
  isbn={9780387952215},
  lccn={01054909},
  series={Applied Mathematical Sciences},
  year={2002},
  publisher={Springer New York}
}

%%%%%%%%%%%%%%%%%%%%%%%%%


@article{Bruno2007,
author = {{Bruno}, O.~P. and {Han}, Y. and {Pohlman}, M.~M.},
title = {{Accurate, high-order representation of complex three-dimensional surfaces via Fourier continuation analysis}},
journal = "Journal of Computational Physics ",
volume = "227",
number = "2",
pages = "1094 -- 1125",
year = "2007",
note = "",
issn = "0021-9991",
doi = "http://dx.doi.org/10.1016/j.jcp.2007.08.029"
}

@article{huybrechs2010,
  title={{On the Fourier extension of nonperiodic functions}},
  author={Huybrechs, Daan},
  journal={SIAM Journal on Numerical Analysis},
  volume={47},
  number={6},
  pages={4326--4355},
  year={2010},
  publisher={SIAM}
}


@article{Hu2005,
 author = {Hu, Shi-Min and Wallner, Johannes},
 title = {{A Second Order Algorithm for Orthogonal Projection Onto Curves and Surfaces}},
 journal = {Comput. Aided Geom. Des.},
 issue_date = {March 2005},
 volume = {22},
 number = {3},
 month = mar,
 year = {2005},
 issn = {0167-8396},
 pages = {251--260},
 numpages = {10},
 doi = {10.1016/j.cagd.2004.12.001},
 acmid = {1648416},
 publisher = {Elsevier Science Publishers B. V.},
 address = {Amsterdam, The Netherlands, The Netherlands},
 keywords = {Normal curvature, Orthogonal projection, Surface},
} 


@book{Stroud2006,
	title={{Boundary Representation Modelling Techniques}},
    author = {Stroud, Ian},
    year = {2006},
    publisher = {Springer-Verlag London}
}


@book{mantyla1988,
  title={{An Introduction to Solid Modeling}},
  author={M{\"a}ntyl{\"a}, Martti},
  isbn={9780881751086},
  lccn={87027852},
  series={Principles of computer science principles},
  year={1988},
  publisher={Computer Science Press}
}


@TECHREPORT{laug1999,
   author = {Laug, Patrick and Borouchaki, Houman},
   title = {{BLSURF--Mesh Generator for Composite Parametric Surfaces--User's Manual}},
   institution = {INRIA},
   number = {0235},
   year = {1999},
}



@article {Borouchaki2000,
author = {Borouchaki, Houman and Laug, Patrick and George, Paul-Louis},
title = {{Parametric surface meshing using a combined advancing-front generalized Delaunay approach}},
journal = {International Journal for Numerical Methods in Engineering},
volume = {49},
number = {1-2},
publisher = {John Wiley & Sons, Ltd.},
issn = {1097-0207},
doi = {10.1002/1097-0207(20000910/20)49:1/2<233::AID-NME931>3.0.CO;2-G},
pages = {233--259},
year = {2000},
}




@inproceedings{foucault2008,
  title={An extension of the advancing front method to composite geometry},
  author={Foucault, Gilles and Cuilli{\`e}re, Jean-Christophe and Francois, Vincent and L{\'e}on, Jean-Claude and Maranzana, Roland},
  booktitle={Proceedings of the 16th International Meshing Roundtable},
  pages={287--314},
  year={2008},
  organization={Springer}
}


%%%%%%%%%%%%%%%%%%%%%%%%%
% Optimisation maillage (smoothing)
%%%%%%%%%%%%%%%%%%%%%%%%%
@INPROCEEDINGS{Jiao2006,
    author = {Xiangmin Jiao},
    title = {Volume and feature preservation in surface mesh optimization},
    booktitle = {Proceedings of the 15th International Meshing Roundtable},
    year = {2006},
    pages = {62--69}
}

@inproceedings{Jiao08,
  author = {Jiao, Xiangmin and Wang, Duo and Zha, Hongyuan},
  title = {{Simple and Effective Variational Optimization of Surface and Volume Triangulations}},
  booktitle = {Proceedings of the 17th International Meshing Roundtable, Pittsburgh, Pennsylvania, USA},
  pages = {315--332},
  year = {2008},
}


@article{Chan15,
  author = {Chan, Hei Long and Hung, Ho Yeung and Lui, Lok Ming},
  title = {{Hooke's Optimization for 3D Triangular Mesh}},
  year = {2015},
  journal = {Geometry, Imaging and Computing}, 
  volume = {2},
  issue = {2},
  pages = {109--131},
}


@article{jiao2005,
  title={Parallel feature-preserving mesh smoothing},
  author={Jiao, Xiangmin and Alexander, Phillip},
  journal={Computational Science and Its Applications--ICCSA 2005},
  pages={421--431},
  year={2005},
  publisher={Springer}
}

@article{gargallo2013,
  title={{Defining quality measures for mesh optimization on parameterized CAD surfaces}},
  author={Gargallo-Peir{\'o}, Abel and Roca, Xevi and Peraire, Jaime and Sarrate, Josep},
  journal={Proceedings of the 21st International Meshing Roundtable},
  pages={85--102},
  year={2013},
  publisher={Springer}
}


@article{gargallo2014,
  title={A surface mesh smoothing and untangling method independent of the CAD parameterization},
  author={Gargallo-Peir{\'o}, Abel and Roca, Xevi and Sarrate, Josep},
  journal={Computational Mechanics},
  volume={53},
  number={4},
  pages={587--609},
  year={2014},
  publisher={Springer}
}


@article{knupp2001,
  title={Algebraic mesh quality metrics},
  author={Knupp, Patrick M},
  journal={SIAM journal on scientific computing},
  volume={23},
  number={1},
  pages={193--218},
  year={2001},
  publisher={SIAM}
}



@article {Field2000,
author = {Field, David A.},
title = {Qualitative measures for initial meshes},
journal = {International Journal for Numerical Methods in Engineering},
volume = {47},
number = {4},
publisher = {John Wiley & Sons, Ltd.},
issn = {1097-0207},
doi = {10.1002/(SICI)1097-0207(20000210)47:4<887::AID-NME804>3.0.CO;2-H},
pages = {887--906},
year = {2000},
}


@article{liu2006,
  title={{Fast dynamic grid deformation based on Delaunay graph mapping}},
  author={Liu, Xueqiang and Qin, Ning and Xia, Hao},
  journal={Journal of Computational Physics},
  volume={211},
  number={2},
  pages={405--423},
  year={2006},
  publisher={Elsevier}
}


@article{bowyer1981,
  title={Computing dirichlet tessellations},
  author={Bowyer, Adrian},
  journal={The Computer Journal},
  volume={24},
  number={2},
  pages={162--166},
  year={1981},
  publisher={Oxford University Press}
}


@article{watson1981,
  title={{Computing the n-dimensional Delaunay tessellation with application to Voronoi polytopes}},
  author={Watson, David F},
  journal={The Computer Journal},
  volume={24},
  number={2},
  pages={167--172},
  year={1981},
  publisher={Oxford University Press}
}


@article{borouchaki1997,
  title={{Delaunay mesh generation governed by metric specifications. Part I. Algorithms}},
  author={Borouchaki, Houman and George, Paul Louis and Hecht, Fr{\'e}d{\'e}ric and Laug, Patrick and Saltel, Eric},
  journal={Finite Elements in Analysis and Design},
  volume={25},
  number={1-2},
  pages={61--83},
  year={1997},
  publisher={Elsevier}
}


@inproceedings{canann1998,
  title={{An Approach to Combined Laplacian and Optimization-Based Smoothing for Triangular, Quadrilateral, and Quad-Dominant Meshes}},
  author={Canann, Scott A and Tristano, Joseph R and Staten, Matthew L and others},
  year={1998},
  booktitle={Proceedings of the 7th International Meshing Roundtable},
  pages={85--102}
}

@inproceedings{freitag1995,
  title={An efficient parallel algorithm for mesh smoothing},
  author={Freitag, Lori A and Jones, Mark and Plassmann, Paul},
  booktitle={Proceedings of the 4th International Meshing Roundtable},
  pages={47--58},
  year={1995}
}

@article{batina1990,
  title={{Unsteady Euler airfoil solutions using unstructured dynamic meshes}},
  author={Batina, J.},
  journal={AIAA journal},
  volume={28},
  number={8},
  pages={1381--1388},
  year={1990}
}

@article{farhat1998,
  title={Torsional springs for two-dimensional dynamic unstructured fluid meshes},
  author={Farhat, C. and Degand, C. and Koobus, B. and Lesoinne, M.},
  journal={Computer Methods in Applied Mechanics and Engineering},
  volume={163},
  number={1-4},
  pages={231--245},
  year={1998},
  publisher={Elsevier}
}

@article{blom1997,
  title={{Analysis of fluid-structure interaction on moving airfoils by means of an improved ALE-method}},
  author={Leyland, F. and Blom P.},
  journal={AIAA Paper 97},
  pages={1770-1789},
  year={1997}
}

@inproceedings{brewer2003,
  title={{The Mesquite Mesh Quality Improvement Toolkit}},
  author={Brewer, Michael L and Diachin, Lori Freitag and Knupp, Patrick M and Leurent, Thomas and Melander, Darryl J},
  booktitle={Proceedings of the 12th International Meshing Roundtable},
  year={2003}
}


%%%%%%%%%%%%%%%%%%%%%%%%%
% Suivi-Capture de surface
%%%%%%%%%%%%%%%%%%%%%%%%%
@inproceedings{Andrieu2016,
	author = {Andrieu, Bastien and Gueyffier, Denis},
	title = {High-order tracking method for the simulation of burning fronts in 3d},
	publisher = "VII European Congress on Computational Methods in Applied Sciences and Engineering",
	address = {Hers\'onissos, Greece},
	year = 2016,
}

@article{Jiao2007,
 author = {Jiao, Xiangmin},
 title = {{Face Offsetting: A Unified Approach for Explicit Moving Interfaces}},
 journal = {Journal of Computational Physics},
 volume = {220},
 number = {2},
 year = {2007},
 issn = {0021-9991},
 pages = {612--625},
 numpages = {14},
 doi = {10.1016/j.jcp.2006.05.021},
 acmid = {1223706},
 publisher = {Academic Press Professional, Inc.},
 address = {San Diego, CA, USA},
 keywords = {Entropy condition, Face offsetting, Huygens' principle, Interface propagation, Moving meshes},
} 

@article{popinet1999,
  title={A front-tracking algorithm for accurate representation of surface tension},
  author={Popinet, St{\'e}phane and Zaleski, St{\'e}phane},
  journal={International Journal for Numerical Methods in Fluids},
  volume={30},
  number={6},
  pages={775--793},
  year={1999},
  publisher={Wiley Online Library}
}

@article{TRYGGVASON2001,
title = {{A Front-Tracking Method for the Computations of Multiphase Flow}},
journal = "Journal of Computational Physics",
volume = "169",
number = "2",
pages = "708 - 759",
year = "2001",
note = "",
issn = "0021-9991",
doi = "http://dx.doi.org/10.1006/jcph.2001.6726",
author = "G. Tryggvason and B. Bunner and A. Esmaeeli and D. Juric and N. Al-Rawahi and W. Tauber and J. Han and S. Nas and Y.-J. Jan"
}

@article{Veerapaneni2011,
 author = {Veerapaneni, S. K. and Rahimian, A. and Biros, G. and Zorin, D.},
 title = {{A Fast Algorithm for Simulating Vesicle Flows in Three Dimensions}},
 journal = {Journal of Computational Physics},
 volume = {230},
 number = {14},
 year = {2011},
 issn = {0021-9991},
 pages = {5610--5634},
 numpages = {25},
 doi = {10.1016/j.jcp.2011.03.045},
 acmid = {1982748},
 publisher = {Academic Press Professional, Inc.},
 address = {San Diego, CA, USA},
 keywords = {Boundary integral methods, Fast algorithms, High-order methods, Vesicle simulations},
} 


@article{gueyffier2015,
title = {{Accurate Computation of Grain Burning Coupled with Flow Simulation in Rocket Chamber}},
journal = "Journal of Propulsion and Power",
volume = "31",
number = "6",
pages = "1761 - 1776",
year = "2015",
issn = "0748-4658",
doi = "http://dx.doi.org/10.2514/1.B35736",
author = "D. Gueyffier and F.X. Roux and Y. Fabignon and G. Chaineray and N. Lupoglazoff and F. Vuillot and J. Hijlkema and F. Alauzet",
}

@book{sethian1999,
  title={{Level Set Methods and Fast Marching Methods}},
  author={Sethian, J. A.},
  series={Cambridge Monographs on Applied and Computational Mathematics},
  year={1999},
  publisher={Cambridge University Press}
}

@article{gueyffier1999,
  title={Volume-of-fluid interface tracking with smoothed surface stress methods for three-dimensional flows},
  author={Gueyffier, Denis and Li, Jie and Nadim, Ali and Scardovelli, Ruben and Zaleski, St{\'e}phane},
  journal={Journal of Computational physics},
  volume={152},
  number={2},
  pages={423--456},
  year={1999},
  publisher={Elsevier}
}



%%%%%%%%%%%%%%%%%%%%

@inproceedings{marcum1999,
  title={{Unstuctured Surface Grid Generation Using Global Mapping and Physical Space Approximation}},
  author={Marcum, David L and Gaither, J Adam},
  booktitle={Proceedings of the 8th International Meshing Roundtable},
  pages={397--406},
  year={1999}
}





