@inproceedings{thompson2005,
 author = {Thompson,II, Thomas V. and Cohen, Elaine},
 title = {Direct Haptic Rendering of Complex Trimmed {NURBS} Models},
 booktitle = {ACM SIGGRAPH 2005 Courses},
 series = {SIGGRAPH '05},
 year = {2005},
 location = {Los Angeles, California},
 articleno = {89},
 publisher = {ACM},
 address = {New York, NY, USA},
} 


@article{foucault2008,
  title={{Adaptation of CAD model topology for finite element analysis}},
  author={Foucault, Gilles and Cuilli{\`e}re, Jean-Christophe and François, Vincent and L{\'e}on, Jean-Claude and Maranzana, Roland},
  journal={Computer-Aided Design},
  volume={40},
  number={2},
  pages={176--196},
  year={2008},
  publisher={Elsevier}
}


@phdthesis{crozet2017,
  title={{Efficient contact determination between solids with boundary representations (B-Rep)}},
  author={Crozet, Sébastien},
  year={2017},
  school={Communaut{\'e} Universit{\'e} Grenoble Alpes}
}