%%%%%%%%%%%%%%%%%%%%%%%%%
% Chebyshev
%%%%%%%%%%%%%%%%%%%%%%%%%
@book{mason2002,
  title={{Chebyshev Polynomials}},
  author={Mason, J.C. and Handscomb, D.C.},
  isbn={9781420036114},
  year={2002},
  publisher={CRC Press}
}

@book{canuto2006,
title = {{Spectral Methods. Fundamentals in Single Domains}},
author = {Canuto, Claudio and Hussaini, M. Yousuff and Quarteroni, Alfio and Zang, Thomas A.},
year = {2006},
publisher = {Springer-Verlag Berlin Heidelberg}
}

@book{gil2007,
 author = {Gil, Amparo and Segura, Javier and Temme, Nico M.},
 title = {{Numerical Methods for Special Functions}},
 year = {2007},
 isbn = {0898716349, 9780898716344},
 publisher = {Society for Industrial and Applied Mathematics},
 address = {Philadelphia, PA, USA}
}

@article{clenshaw1955,
  title={{A note on the summation of Chebyshev series}},
  author={Clenshaw, CW},
  journal={Mathematics of Computation},
  volume={9},
  number={51},
  pages={118--120},
  year={1955}
}

@article{wengle1978,
  title={Pseudospectral solution of atmospheric diffusion problems},
  author={Wengle, Hans and Seinfeld, John H},
  journal={Journal of computational Physics},
  volume={26},
  number={1},
  pages={87--106},
  year={1978},
  publisher={Elsevier}
}

@book{peyret2002,
  title={{Spectral Methods for Incompressible Viscous Flow}},
  author={Peyret, R.},
  isbn={9780387952215},
  lccn={01054909},
  series={Applied Mathematical Sciences},
  year={2002},
  publisher={Springer New York}
}
