@article{freeman1975,
  title={{Determining the Minimum-Area Encasing Rectangle for an Arbitrary Closed Curve}},
  author={Freeman, Herbert and Shapira, Ruth},
  journal={Communications of the ACM},
  volume={18},
  number={7},
  pages={409--413},
  year={1975},
  publisher={ACM}
}