@inproceedings{meakin1989,
  title={Unsteady aerodynamic simulation of multiple bodies in relative motion},
  author={Meakin, Robert L. and Suhs, Norman E.},
  booktitle={9th AIAA Computational Fluid Dynamics Conference},
  pages={1996},
  year={1989}
}



@inproceedings{brenner1991,
  title={Three-dimensional aerodynamics with moving bodies applied to solid propellant},
  author={Brenner, Pierre},
  booktitle={27th Joint Propulsion Conference},
  pages={2304},
  year={1991}
}



@article{wang2000,
  title={{A fully automated Chimera methodology for multiple moving body problems}},
  author={Wang, Z.~J. and Parthasarathy, V.},
  journal={International Journal for Numerical Methods in Fluids},
  volume={33},
  number={7},
  pages={919--938},
  year={2000},
  publisher={Wiley Online Library}
}



@article{peskin2002,
  title={The immersed boundary method},
  author={Peskin, Charles S.},
  journal={Acta numerica},
  volume={11},
  pages={479--517},
  year={2002},
  publisher={Cambridge University Press}
}



@phdthesis{hovnanian2012,
  title={{M{\'e}thode de fronti{\`e}res immerg{\'e}es pour la m{\'e}canique des fluides. Application {\`a} la simulation de la nage.}},
  author={Hovnanian, Jessica},
  year={2012},
  school={Universit{\'e} Sciences et Technologies-Bordeaux I}
}



@article{wang2012,
  title={Computational algorithms for tracking dynamic fluid--structure interfaces in embedded boundary methods},
  author={Wang, Kevin and Gr{\'e}tarsson, J. and Main, A. and Farhat, C.},
  journal={International Journal for Numerical Methods in Fluids},
  volume={70},
  number={4},
  pages={515--535},
  year={2012},
  publisher={Wiley Online Library}
}



@article{louhichi2015,
  title={{CAD/CAE integration: updating the CAD model after a FEM analysis}},
  author={Louhichi, Borhen and Abenhaim, Gad N. and Tahan, Antoine S.},
  journal={The International Journal of Advanced Manufacturing Technology},
  volume={76},
  number={1-4},
  pages={391--400},
  year={2015},
  publisher={Springer}
}



@article{alauzet2016,
  title={{Nitsche-XFEM for the coupling of an incompressible fluid with immersed thin-walled structures}},
  author={Alauzet, Fr{\'e}d{\'e}ric and Fabr{\`e}ges, Benoit and Fern{\'a}ndez, Miguel A and Landajuela, Mikel},
  journal={Computer Methods in Applied Mechanics and Engineering},
  volume={301},
  pages={300--335},
  year={2016},
  publisher={Elsevier}
}



@article{martin2017,
  title={A novel surface mesh deformation method for handling wing-fuselage intersections},
  author={Martin-Burgos, Mario Jaime and Gonz{\'a}lez-Ju{\'a}rez, Daniel and Andr{\'e}s-P{\'e}rez, Esther},
  journal={Chinese Journal of Aeronautics},
  volume={30},
  number={1},
  pages={264--273},
  year={2017},
  publisher={Elsevier}
}
