@phdthesis{jiao2001,
    Author = {Jiao, Xiangmin M.},
    Title = {{Data transfer and interface propagation in multicomponent simulations}},
    School = {University of Illinois, Urbana-Champaign},
    Year = {2001},
}


@article{jiao2007,
 author = {Jiao, Xiangmin},
 title = {{Face Offsetting: A Unified Approach for Explicit Moving Interfaces}},
 journal = {Journal of Computational Physics},
 volume = {220},
 number = {2},
 year = {2007},
 issn = {0021-9991},
 pages = {612--625},
 numpages = {14},
 doi = {10.1016/j.jcp.2006.05.021},
 acmid = {1223706},
 publisher = {Academic Press Professional, Inc.},
 address = {San Diego, CA, USA},
 keywords = {Entropy condition, Face offsetting, Huygens' principle, Interface propagation, Moving meshes},
} 


@article{rahimian2015,
  title={{Boundary Integral Method for the Flow of Vesicles with Viscosity Contrast in Three Dimensions}},
  author={Rahimian, Abtin and Veerapaneni, Shravan K. and Zorin, Denis and Biros, George},
  journal={Journal of Computational Physics},
  volume={298},
  pages={766--786},
  year={2015},
  publisher={Elsevier}
}