%%%%%%%%%%%%%%%%%%%%%%%%%
% Intersection surfaces
%%%%%%%%%%%%%%%%%%%%%%%%%
@book{patrikalakis2009,
  title={{Shape Interrogation for Computer Aided Design and Manufacturing}},
  author={Patrikalakis, Nicholas M and Maekawa, Takashi},
  year={2009},
  publisher={Springer Science \& Business Media}
}

@phdthesis{hohmeyer1992,
    Author = {Hohmeyer, Michael Edward},
    Title = {{Robust and Efficient Surface Intersection for Solid Modeling}},
    School = {EECS Department, University of California, Berkeley},
    Year = {1992},
    Month = {May},
    Number = {UCB/CSD-92-681}
}

@article{dokken2001,
 author = {Dokken, Tor},
 title = {{Approximate Implicitization}},
 journal = {Mathematical Methods for Curves and Surfaces},
 editor = {Lyche, Tom and Schumaker, Larry L.},
 year = {2001},
 isbn = {0-8265-1378-6},
 pages = {81--102},
 numpages = {22},
 acmid = {570837},
 publisher = {Vanderbilt University},
 address = {Nashville, TN, USA},
} 

@article{houghton1985,
  title={Implementation of a divide-and-conquer method for intersection of parametric surfaces},
  author={Houghton, Elizabeth G and Emnett, Robert F and Factor, James D and Sabharwal, Chaman L},
  journal={Computer Aided Geometric Design},
  volume={2},
  number={1-3},
  pages={173--183},
  year={1985},
  publisher={Elsevier}
}

@article{barnhill1990,
  title={A marching method for parametric surface/surface intersection},
  author={Barnhill, Robert E and Kersey, SN},
  journal={Computer Aided Geometric Design},
  volume={7},
  number={1-4},
  pages={257--280},
  year={1990},
  publisher={Elsevier}
}


@article{eberly2002,
  title={{Dynamic Collision Detection using Oriented Bounding Boxes}},
  author={Eberly, David},
  journal={Geometric Tools, Inc},
  year={2002}
}


@article{seidel1991,
  title={{Small-Dimensional Linear Programming and Convex Hulls Made Easy}},
  author={Seidel, Raimund},
  journal={Discrete \& Computational Geometry},
  volume={6},
  number={3},
  pages={423--434},
  year={1991},
  publisher={Springer}
}


@inproceedings{fournier1994,
  title={{Chebyshev Polynomials for Boxing and Intersections of Parametric Curves and Surfaces}},
  author={Fournier, Alain and Buchanan, John},
  journal = {Computer Graphics Forum (Eurographics '94 Conference Issue)},
  year = {1994},
  volume = {13},
  number = {3},
  pages = {127--142}
}


%% Topologie
@phdthesis{pentcheva2010,
  title={{Conversion CSG-BRep de sc{\`e}nes d{\'e}finies par des quadriques}},
  author={Pentcheva, Maria},
  year={2010},
  school={Universit{\'e} Nancy II}
}
