@article{houghton1985,
  title={Implementation of a divide-and-conquer method for intersection of parametric surfaces},
  author={Houghton, Elizabeth G and Emnett, Robert F and Factor, James D and Sabharwal, Chaman L},
  journal={Computer Aided Geometric Design},
  volume={2},
  number={1-3},
  pages={173--183},
  year={1985},
  publisher={Elsevier}
}


@article{casale1987,
  title={{Free-Form Solid Modeling with Trimmed Surface Patches}},
  author={Casale, Malcolm S},
  journal={IEEE Computer Graphics and Applications},
  volume={7},
  number={1},
  pages={33--43},
  year={1987},
  publisher={IEEE}
}


@article{rossignac1987,
  title={Piecewise-circular curves for geometric modeling},
  author={Rossignac, Jaroslaw R and Requicha, Aristides AG},
  journal={IBM Journal of Research and Development},
  volume={31},
  number={3},
  pages={296--313},
  year={1987},
  publisher={IBM}
}


@article{barnhill1990,
  title={A marching method for parametric surface/surface intersection},
  author={Barnhill, Robert E and Kersey, SN},
  journal={Computer Aided Geometric Design},
  volume={7},
  number={1-4},
  pages={257--280},
  year={1990},
  publisher={Elsevier}
}



@TechReport{krishnan1994,
author = {Krishnan, Shankar and Narkhede, Atul and Manocha, Dinesh},
title = {{BOOLE: A System to Compute Boolean Combinations of Sculptured Solids}},
institution = {Department of Computer Science, University of North California},
year = {1994},
}


@book{patrikalakis2009,
  title={{Shape Interrogation for Computer Aided Design and Manufacturing}},
  author={Patrikalakis, Nicholas M and Maekawa, Takashi},
  year={2009},
  publisher={Springer Science \& Business Media}
}

