@article{bowyer1981,
  title={Computing dirichlet tessellations},
  author={Bowyer, Adrian},
  journal={The Computer Journal},
  volume={24},
  number={2},
  pages={162--166},
  year={1981},
  publisher={Oxford University Press}
}


@article{watson1981,
  title={{Computing the n-dimensional Delaunay tessellation with application to Voronoi polytopes}},
  author={Watson, David F},
  journal={The Computer Journal},
  volume={24},
  number={2},
  pages={167--172},
  year={1981},
  publisher={Oxford University Press}
}


@article{cho1998,
  title={Approximate development of trimmed patches for surface tessellation},
  author={Cho, Wonjoon and Patrikalakis, Nicholas M and Peraire, Jaime},
  journal={Computer-Aided Design},
  volume={30},
  number={14},
  pages={1077--1087},
  year={1998},
  publisher={Elsevier}
}


@inproceedings{marcum1999,
  title={{Unstuctured Surface Grid Generation Using Global Mapping and Physical Space Approximation}},
  author={Marcum, David L and Gaither, J Adam},
  booktitle={Proceedings of the 8th International Meshing Roundtable},
  pages={397--406},
  year={1999}
}


@article {borouchaki2000,
author = {Borouchaki, Houman and Laug, Patrick and George, Paul-Louis},
title = {{Parametric surface meshing using a combined advancing-front generalized Delaunay approach}},
journal = {International Journal for Numerical Methods in Engineering},
volume = {49},
number = {1-2},
publisher = {John Wiley & Sons, Ltd.},
issn = {1097-0207},
doi = {10.1002/1097-0207(20000910/20)49:1/2<233::AID-NME931>3.0.CO;2-G},
pages = {233--259},
year = {2000},
}


@article{noel2002,
  title={{Global parameterization of a topological surface defined as a collection of trimmed bi-parametric patches: Application to automatic mesh construction}},
  author={No{\"e}l, Fr{\'e}d{\'e}ric},
  journal={International Journal for Numerical Methods in Engineering},
  volume={54},
  number={7},
  pages={965--986},
  year={2002},
  publisher={Wiley Online Library}
}


@inproceedings{jones2004,
  title={{Toward a global parameterization for quilted CAD entities}},
  author={Jones, William},
  booktitle={42nd AIAA Aerospace Sciences Meeting and Exhibit},
  pages={611},
  year={2004}
}

@article{foucault2013,
  title={Generalizing the advancing front method to composite surfaces in the context of meshing constraints topology},
  author={Foucault, Gilles and Cuilli{\`e}re, J-C and Fran{\c{c}}ois, Vincent and L{\'e}on, J-C and Maranzana, Roland},
  journal={Computer-Aided Design},
  volume={45},
  number={11},
  pages={1408--1425},
  year={2013},
  publisher={Elsevier}
}


