@inproceedings{freitag1995,
  title={An efficient parallel algorithm for mesh smoothing},
  author={Freitag, Lori A and Jones, Mark and Plassmann, Paul},
  booktitle={Proceedings of the 4th International Meshing Roundtable},
  pages={47--58},
  year={1995}
}


@inproceedings{canann1998,
  title={{An Approach to Combined Laplacian and Optimization-Based Smoothing for Triangular, Quadrilateral, and Quad-Dominant Meshes}},
  author={Canann, Scott A and Tristano, Joseph R and Staten, Matthew L and others},
  year={1998},
  booktitle={Proceedings of the 7th International Meshing Roundtable},
  pages={85--102}
}


@article{farhat1998,
  title={Torsional springs for two-dimensional dynamic unstructured fluid meshes},
  author={Farhat, C. and Degand, C. and Koobus, B. and Lesoinne, M.},
  journal={Computer Methods in Applied Mechanics and Engineering},
  volume={163},
  number={1-4},
  pages={231--245},
  year={1998},
  publisher={Elsevier}
}


@article{frey1998,
  title={Geometric surface mesh optimization},
  author={Frey, Pascal J. and Borouchaki, Houman},
  journal={Computing and Visualization in Science},
  volume={1},
  number={3},
  pages={113--121},
  year={1998},
  publisher={Springer}
}


@article{aymone2001,
  title={{Simulation of 3D metal-forming using an arbitrary Lagrangian--Eulerian finite element method}},
  author={Aymone, Jos{\'e} Lu{\'\i}s F and Bittencourt, E and Creus, GJ},
  journal={Journal of Materials Processing Technology},
  volume={110},
  number={2},
  pages={218--232},
  year={2001},
  publisher={Elsevier}
}


@article{jiao2010,
  title={Anisotropic mesh adaptation for evolving triangulated surfaces},
  author={Jiao, Xiangmin and Colombi, Andrew and Ni, Xinlai and Hart, John},
  journal={Engineering with Computers},
  volume={26},
  number={4},
  pages={363--376},
  year={2010},
  publisher={Springer}
}


@inproceedings{jiao2008,
  author = {Jiao, Xiangmin and Wang, Duo and Zha, Hongyuan},
  title = {{Simple and Effective Variational Optimization of Surface and Volume Triangulations}},
  booktitle = {Proceedings of the 17th International Meshing Roundtable},
  pages = {315--332},
  year = {2008},
}


@article{gargallo2014,
  title={{A surface mesh smoothing and untangling method independent of the CAD parameterization}},
  author={Gargallo-Peir{\'o}, Abel and Roca, Xevi and Sarrate, Josep},
  journal={Computational Mechanics},
  volume={53},
  number={4},
  pages={587--609},
  year={2014},
  publisher={Springer}
}