@article{andrieu2017,
  title={{High-fidelity, dynamic CAD model for propagating surfaces and moving meshes}},
  author={Andrieu, Bastien and Gueyffier, Denis},
  journal={Procedia Engineering},
  volume={203},
  pages={115--127},
  year={2017},
  publisher={Elsevier}
}
