@inproceedings{freitag1995,
  title={An efficient parallel algorithm for mesh smoothing},
  author={Freitag, Lori A and Jones, Mark and Plassmann, Paul},
  booktitle={Proceedings of the 4th International Meshing Roundtable},
  pages={47--58},
  year={1995}
}


@inproceedings{canann1998,
  title={{An Approach to Combined Laplacian and Optimization-Based Smoothing for Triangular, Quadrilateral, and Quad-Dominant Meshes}},
  author={Canann, Scott A and Tristano, Joseph R and Staten, Matthew L and others},
  year={1998},
  booktitle={Proceedings of the 7th International Meshing Roundtable},
  pages={85--102}
}


@article{farhat1998,
  title={Torsional springs for two-dimensional dynamic unstructured fluid meshes},
  author={Farhat, C. and Degand, C. and Koobus, B. and Lesoinne, M.},
  journal={Computer Methods in Applied Mechanics and Engineering},
  volume={163},
  number={1-4},
  pages={231--245},
  year={1998},
  publisher={Elsevier}
}


@inproceedings{jiao2008,
  author = {Jiao, Xiangmin and Wang, Duo and Zha, Hongyuan},
  title = {{Simple and Effective Variational Optimization of Surface and Volume Triangulations}},
  booktitle = {Proceedings of the 17th International Meshing Roundtable},
  pages = {315--332},
  year = {2008},
}


@article{gargallo2014,
  title={{A surface mesh smoothing and untangling method independent of the CAD parameterization}},
  author={Gargallo-Peir{\'o}, Abel and Roca, Xevi and Sarrate, Josep},
  journal={Computational Mechanics},
  volume={53},
  number={4},
  pages={587--609},
  year={2014},
  publisher={Springer}
}