@book{monge1850,
  title={Application de l'analyse {\`a} la g{\'e}om{\'e}trie},
  author={Monge, G. and Liouville, J.},
  lccn={03004975},
  year={1850},
  publisher={Bachelier}
}


@phdthesis{rossignac1985,
    Author = {Rossignac, Jaroslaw R.},
    Title = {{Blending and Offsetting Solid Models}},
    School = {University of Rochester},
    Year = {1985},
}


@article{farouki1986,
  title={The approximation of non-degenerate offset surfaces},
  author={Farouki, Rida T.},
  journal={Computer Aided Geometric Design},
  volume={3},
  number={1},
  pages={15--43},
  year={1986},
  publisher={Elsevier}
}


@article{rossignac1986,
  title={Offsetting operations in solid modelling},
  author={Rossignac, Jaroslaw R. and Requicha, Aristides A.G.},
  journal={Computer Aided Geometric Design},
  volume={3},
  number={2},
  pages={129--148},
  year={1986},
  publisher={Elsevier}
}


@article{gelston1995,
  title={Boundary surface recovery from skeleton curves and surfaces},
  author={Gelston, Sean M. and Dutta, Debasish},
  journal={Computer Aided Geometric Design},
  volume={12},
  number={1},
  pages={27--51},
  year={1995},
  publisher={Elsevier}
}


@article{peternell1997,
  title={{Computing Rational Parametrizations of Canal Surfaces}},
  author={Peternell, Martin and Pottmann, Helmut},
  journal={Journal of Symbolic Computation},
  volume={23},
  number={2-3},
  pages={255--266},
  year={1997},
  publisher={Elsevier}
}