@article{bruno2007,
author = {{Bruno}, O.~P. and {Han}, Y. and {Pohlman}, M.~M.},
title = {{Accurate, high-order representation of complex three-dimensional surfaces via Fourier continuation analysis}},
journal = "Journal of Computational Physics ",
volume = "227",
number = "2",
pages = "1094 -- 1125",
year = "2007",
note = "",
issn = "0021-9991",
doi = "http://dx.doi.org/10.1016/j.jcp.2007.08.029"
}


@book{peyret2013,
  title={{Spectral Methods for Incompressible Viscous Flow}},
  author={Peyret, Roger},
  volume={148},
  year={2013},
  publisher={Springer Science \& Business Media}
}
