@article{clenshaw1955,
  title={{A note on the summation of Chebyshev series}},
  author={Clenshaw, CW},
  journal={Mathematics of Computation},
  volume={9},
  number={51},
  pages={118--120},
  year={1955}
}


@article{wengle1978,
  title={Pseudospectral solution of atmospheric diffusion problems},
  author={Wengle, Hans and Seinfeld, John H},
  journal={Journal of computational Physics},
  volume={26},
  number={1},
  pages={87--106},
  year={1978},
  publisher={Elsevier}
}


@article{lachance1988,
  title={Chebyshev economization for parametric surfaces},
  author={Lachance, Michael A.},
  journal={Computer Aided Geometric Design},
  volume={5},
  number={3},
  pages={195--208},
  year={1988},
  publisher={Elsevier}
}


@inproceedings{fournier1994,
  title={Chebyshev polynomials for boxing and intersections of parametric curves and surfaces},
  author={Fournier, Alain and Buchanan, John},
  booktitle={Computer Graphics Forum},
  volume={13},
  number={3},
  pages={127--142},
  year={1994},
  organization={Wiley Online Library}
}


@article{campagna1997,
  title={{Ray tracing of spline surfaces: B{\'e}zier clipping, Chebyshev boxing, and bounding volume hierarchy -- a critical comparison with new results}},
  author={Campagna, Swen and Slusallek, Philipp and Seidel, Hans-Peter},
  journal={The Visual Computer},
  volume={13},
  number={6},
  pages={265--282},
  year={1997},
  publisher={Springer}
}


@book{boyd2001,
  address = {Mineola, NY},
  author = {Boyd, John P.},
  edition = {Seconde},
  publisher = {Dover Publications},
  series = {Dover Books on Mathematics},
  title = {{Chebyshev and Fourier Spectral Methods}},
  year = 2001
}


@book{mason2002,
  title={{Chebyshev Polynomials}},
  author={Mason, J.C. and Handscomb, D.C.},
  isbn={9781420036114},
  year={2002},
  publisher={CRC Press}
}


@article{rababah2003,
  title={{Transformation of Chebyshev--Bernstein polynomial basis}},
  author={Rababah, Abedallah},
  journal={Computational Methods in Applied Mathematics},
  volume={3},
  number={4},
  pages={608--622},
  year={2003},
  publisher={De Gruyter}
}


@book{canuto2006,
title = {{Spectral Methods. Fundamentals in Single Domains}},
author = {Canuto, Claudio and Hussaini, M. Yousuff and Quarteroni, Alfio and Zang, Thomas A.},
year = {2006},
publisher = {Springer-Verlag Berlin Heidelberg}
}


@article{bruno2007,
author = {{Bruno}, O.~P. and {Han}, Y. and {Pohlman}, M.~M.},
title = {{Accurate, high-order representation of complex three-dimensional surfaces via Fourier continuation analysis}},
journal = "Journal of Computational Physics ",
volume = "227",
number = "2",
pages = "1094 -- 1125",
year = "2007",
note = "",
issn = "0021-9991",
doi = "http://dx.doi.org/10.1016/j.jcp.2007.08.029"
}


@book{gil2007,
 author = {Gil, Amparo and Segura, Javier and Temme, Nico M.},
 title = {{Numerical Methods for Special Functions}},
 year = {2007},
 isbn = {0898716349, 9780898716344},
 publisher = {Society for Industrial and Applied Mathematics},
 address = {Philadelphia, PA, USA}
}


@book{peyret2013,
  title={{Spectral Methods for Incompressible Viscous Flow}},
  author={Peyret, Roger},
  volume={148},
  year={2013},
  publisher={Springer Science \& Business Media}
}